%% This BibTeX bibliography file was created using BibDesk.
%% http://bibdesk.sourceforge.net/


%% Created for Anita Bahmanyar at 2015-11-05 13:47:59 -0500 


%% Saved with string encoding Unicode (UTF-8) 

@ARTICLE{koposov,
   author = {{Koposov}, S.~E. and {Rix}, H.-W. and {Hogg}, D.~W.},
    title = "{Constraining the Milky Way Potential with a Six-Dimensional Phase-Space Map of the GD-1 Stellar Stream}",
  journal = {\apj},
archivePrefix = "arXiv",
   eprint = {0907.1085},
 primaryClass = "astro-ph.GA",
 keywords = {Galaxy: fundamental parameters, Galaxy: halo, Galaxy: kinematics and dynamics, methods: statistical, stars: kinematics and dynamics, surveys},
     year = 2010,
    month = mar,
   volume = 712,
    pages = {260-273},
      doi = {10.1088/0004-637X/712/1/260},
   adsurl = {http://adsabs.harvard.edu/abs/2010ApJ...712..260K},
  adsnote = {Provided by the SAO/NASA Astrophysics Data System}
}
},
	Date-Added = {2015-11-05 18:43:30 +0000},
	Date-Modified = {2015-11-05 18:47:48 +0000}}


@ARTICLE{Bowden2015,
   author = {{Bowden}, A. and {Belokurov}, V. and {Evans}, N.~W.},
    title = "{Dipping our toes in the water: first models of GD-1 as a stream}",
  journal = {\mnras},
archivePrefix = "arXiv",
   eprint = {1502.00484},
 keywords = {galaxies: fundamental parameters, galaxies: haloes, galaxies: kinematics and dynamics},
     year = 2015,
    month = may,
   volume = 449,
    pages = {1391-1400},
      doi = {10.1093/mnras/stv285},
   adsurl = {http://adsabs.harvard.edu/abs/2015MNRAS.449.1391B},
  adsnote = {Provided by the SAO/NASA Astrophysics Data System}
}


@ARTICLE{Bovy2014,
   author = {{Bovy}, J.},
    title = "{Dynamical Modeling of Tidal Streams}",
  journal = {\apj},
archivePrefix = "arXiv",
   eprint = {1401.2985},
 keywords = {dark matter, galaxies: interactions, Galaxy: halo, Galaxy: kinematics and dynamics, Galaxy: structure },
     year = 2014,
    month = nov,
   volume = 795,
      eid = {95},
    pages = {95},
      doi = {10.1088/0004-637X/795/1/95},
   adsurl = {http://adsabs.harvard.edu/abs/2014ApJ...795...95B},
  adsnote = {Provided by the SAO/NASA Astrophysics Data System}
}


@ARTICLE{Fellhauer2006,
   author = {{Fellhauer}, M. and {Belokurov}, V. and {Evans}, N.~W. and {Wilkinson}, M.~I. and 
	{Zucker}, D.~B. and {Gilmore}, G. and {Irwin}, M.~J. and {Bramich}, D.~M. and 
	{Vidrih}, S. and {Wyse}, R.~F.~G. and {Beers}, T.~C. and {Brinkmann}, J.
	},
    title = "{The Origin of the Bifurcation in the Sagittarius Stream}",
  journal = {\apj},
   eprint = {astro-ph/0605026},
 keywords = {Galaxies: Dwarf, galaxies: individual (Sgr dSph), Galaxy: Halo, Galaxy: Structure},
     year = 2006,
    month = nov,
   volume = 651,
    pages = {167-173},
      doi = {10.1086/507128},
   adsurl = {http://adsabs.harvard.edu/abs/2006ApJ...651..167F},
  adsnote = {Provided by the SAO/NASA Astrophysics Data System}
}



@ARTICLE{Ibata1994,
   author = {{Ibata}, R.~A. and {Gilmore}, G. and {Irwin}, M.~J.},
    title = "{A dwarf satellite galaxy in Sagittarius}",
  journal = {\nat},
     year = 1994,
    month = jul,
   volume = 370,
    pages = {194-196},
      doi = {10.1038/370194a0},
   adsurl = {http://adsabs.harvard.edu/abs/1994Natur.370..194I},
  adsnote = {Provided by the SAO/NASA Astrophysics Data System}
}


@ARTICLE{galpy,
   author = {{Bovy}, J.},
    title = "{galpy: A python Library for Galactic Dynamics}",
  journal = {\apjs},
archivePrefix = "arXiv",
   eprint = {1412.3451},
 keywords = {galaxies: general, galaxies: kinematics and dynamics, Galaxy: fundamental parameters },
     year = 2015,
    month = feb,
   volume = 216,
      eid = {29},
    pages = {29},
      doi = {10.1088/0067-0049/216/2/29},
   adsurl = {http://adsabs.harvard.edu/abs/2015ApJS..216...29B},
  adsnote = {Provided by the SAO/NASA Astrophysics Data System}
}